% Encoding: UTF-8

@InProceedings{Deits2015,
  author       = {Deits, Robin and Tedrake, Russ},
  title        = {Efficient mixed-integer planning for UAVs in cluttered environments},
  booktitle    = {Robotics and Automation (ICRA), 2015 IEEE International Conference on},
  year         = {2015},
  pages        = {42--49},
  organization = {IEEE},
  file         = {:Deits2015 - Efficient mixed-integer planning for UAVs in cluttered environments.pdf:PDF},
}

@InProceedings{Schouwenaars2001,
  author       = {Schouwenaars, Tom and De Moor, Bart and Feron, Eric and How, Jonathan},
  title        = {Mixed integer programming for multi-vehicle path planning},
  booktitle    = {Control Conference (ECC), 2001 European},
  year         = {2001},
  pages        = {2603--2608},
  organization = {IEEE},
  file         = {:Schouwenaars2001 - Mixed integer programming for multi-vehicle path planning.pdf:PDF},
}

@InProceedings{Mellinger2011,
  author       = {Mellinger, Daniel and Kumar, Vijay},
  title        = {Minimum snap trajectory generation and control for quadrotors},
  booktitle    = {Robotics and Automation (ICRA), 2011 IEEE International Conference on},
  year         = {2011},
  pages        = {2520--2525},
  organization = {IEEE},
  file         = {:Mellinger2011 - Minimum snap trajectory generation and control for quadrotors.pdf:PDF},
}

@PhdThesis{Culligan2006,
  author = {Culligan, Kieran Forbes},
  title  = {Online trajectory planning for uavs using mixed integer linear programming},
  school = {Massachusetts Institute of Technology},
  year   = {2006},
  file   = {:Culligan2006 - Online trajectory planning for uavs using mixed integer linear programming.pdf:PDF},
}

@PhdThesis{Flores2007,
  author = {Flores, Melvin E},
  title  = {Real-time trajectory generation for constrained nonlinear dynamical systems using non-uniform rational B-spline basis functions},
  school = {California Institute of Technology},
  year   = {2007},
  file   = {:Flores2007 - Real-time trajectory generation for constrained nonlinear dynamical systems using non-uniform rational B-spline basis functions.pdf:PDF},
}

@Article{Chaudhuri2015,
  author  = {Chaudhuri, Arindam and Chatterjee, Dipak and Rajput, Ritesh},
  title   = {Fuzzy Mixed Integer Linear Programming for Air Vehicles Operations Optimization},
  journal = {arXiv preprint arXiv:1503.04222},
  year    = {2015},
  file    = {:Chaudhuri2015 - Fuzzy Mixed Integer Linear Programming for Air Vehicles Operations Optimization.pdf:PDF},
}

@PhdThesis{Bellingham2002,
  author = {Bellingham, John Saunders},
  title  = {Coordination and control of uav fleets using mixed-integer linear programming},
  school = {Massachusetts Institute of Technology},
  year   = {2002},
  file   = {:Bellingham2002 - Coordination and control of uav fleets using mixed-integer linear programming.pdf:PDF},
}

@MastersThesis{Forsmo2012,
  author = {Forsmo, Erik Johannes},
  title  = {Optimal path planning for unmanned aerial systems},
  school = {Institutt for teknisk kybernetikk},
  year   = {2012},
  file   = {:Forsmo2012 - Optimal path planning for unmanned aerial systems.pdf:PDF},
}

@InProceedings{Chasparis2005,
  author       = {Chasparis, Georgios C and Shamma, Jeff S},
  title        = {Linear-programming-based multi-vehicle path planning with adversaries},
  booktitle    = {American Control Conference, 2005. Proceedings of the 2005},
  year         = {2005},
  pages        = {1072--1077},
  organization = {IEEE},
  file         = {:Chasparis2005 - Linear-programming-based multi-vehicle path planning with adversaries.pdf:PDF},
}

@InProceedings{Sreenath2013,
  author       = {Sreenath, Koushil and Lee, Taeyoung and Kumar, Vijay},
  title        = {Geometric control and differential flatness of a quadrotor UAV with a cable-suspended load},
  booktitle    = {Decision and Control (CDC), 2013 IEEE 52nd Annual Conference on},
  year         = {2013},
  pages        = {2269--2274},
  organization = {IEEE},
  file         = {:Sreenath2013 - Geometric control and differential flatness of a quadrotor UAV with a cable-suspended load.pdf:PDF},
}

@InProceedings{Hao2005,
  author       = {Hao, Yongxing and Davari, Asad and Manesh, Ali},
  title        = {Differential flatness-based trajectory planning for multiple unmanned aerial vehicles using mixed-integer linear programming},
  booktitle    = {American Control Conference, 2005. Proceedings of the 2005},
  year         = {2005},
  pages        = {104--109},
  organization = {IEEE},
  file         = {:Hao2005 - Differential flatness-based trajectory planning for multiple unmanned aerial vehicles using mixed-integer linear programming.pdf:PDF},
}

@InProceedings{Cowling2007,
  author       = {Cowling, Ian D and Yakimenko, Oleg A and Whidborne, James F and Cooke, Alastair K},
  title        = {A prototype of an autonomous controller for a quadrotor UAV},
  booktitle    = {Control Conference (ECC), 2007 European},
  year         = {2007},
  pages        = {4001--4008},
  organization = {IEEE},
  file         = {:Cowling2007 - A prototype of an autonomous controller for a quadrotor UAV.pdf:PDF},
}

@InProceedings{Richards2002,
  author        = {Richards, Arthur and How, Jonathan P},
  title         = {Aircraft trajectory planning with collision avoidance using mixed integer linear programming},
  booktitle     = {American Control Conference, 2002. Proceedings of the 2002},
  year          = {2002},
  volume        = {3},
  pages         = {1936--1941},
  organization  = {IEEE},
  __markedentry = {[Jorik:]},
  file          = {:Richards2002 - Aircraft trajectory planning with collision avoidance using mixed integer linear programming.pdf:PDF},
}

@InProceedings{Brunner2013,
  author        = {Brunner, Michael and Br{\"u}ggemann, Bernd and Schulz, Dirk},
  title         = {Hierarchical rough terrain motion planning using an optimal sampling-based method},
  booktitle     = {Robotics and Automation (ICRA), 2013 IEEE International Conference on},
  year          = {2013},
  pages         = {5539--5544},
  organization  = {IEEE},
  __markedentry = {[Jorik:6]},
  file          = {:Brunner2013 - Hierarchical rough terrain motion planning using an optimal sampling-based method.pdf:PDF},
}

@Comment{jabref-meta: databaseType:bibtex;}
